@inproceedings{Hornyack:2011:TAD:2046707.2046780,
 author = {Hornyack, Peter and Han, Seungyeop and Jung, Jaeyeon and Schechter, Stuart and Wetherall, David},
 title = {These aren't the droids you're looking for: retrofitting android to protect data from imperious applications},
 booktitle = {Proceedings of the 18th ACM conference on Computer and communications security},
 series = {CCS '11},
 year = {2011},
 isbn = {978-1-4503-0948-6},
 address = {Chicago, Illinois, USA},
 pages = {639--652},
 numpages = {14},
 url = {http://doi.acm.org/10.1145/2046707.2046780},
 doi = {10.1145/2046707.2046780},
 acmid = {2046780},
 publisher = {ACM},
 address = {New York, NY, USA},
 keywords = {android, privacy, smartphone},
}

@inproceedings{Beresford:2011:MTP:2184489.2184500,
 author = {Beresford, Alastair R. and Rice, Andrew and Skehin, Nicholas and Sohan, Ripduman},
 title = {MockDroid: trading privacy for application functionality on smartphones},
 booktitle = {Proceedings of the 12th Workshop on Mobile Computing Systems and Applications},
 series = {HotMobile '11},
 year = {2011},
 isbn = {978-1-4503-0649-2},
 address = {Phoenix, Arizona},
 pages = {49--54},
 numpages = {6},
 url = {http://doi.acm.org/10.1145/2184489.2184500},
 doi = {10.1145/2184489.2184500},
 acmid = {2184500},
 publisher = {ACM},
 address = {New York, NY, USA},
 keywords = {Android, MockDroid, mobile, phone, privacy},
} 

@Online{Higgins,
  author = {K. J. Higgins},
  title =  {More Than 25\% Of Android Apps Know Too Much About You},
  date = {2012-11-01},
  url = {http://www.darkreading.com/mobile-security/167901113/security/privacy/240012705/more-than-25-of-android-apps-know-too-much-about-you.html},
  organization = {Dark Reading}
}

@Online{Demers,
  author = {Matt Demers},
  title =  {CyanogenMod Adds Support For Revoking App Permissions},
  date = {2011-05-25},
  url = {http://www.androidpolice.com/2011/05/22/cyanogenmod-adds-support-for-revoking-and-faking-app-permissions/},
  organization = {Anroid Police}
}

@Online{Perez,
  author = {S. Perez},
  title =  {IDC: Android Market Share Reached 75\% Worldwide In Q3 2012},
  date = {2012-11-02},
  url = {http://techcrunch.com/2012/11/02/idc-android-market-share-reached-75-worldwide-in-q3-2012},
  organization = {Tech Crunch}
}

@Online{Womack,
  author = {B. Womack},
  title =  {Google Says 700,000 Applications Available for Android},
  date = {2012-10-29},
  url = {http://www.businessweek.com/news/2012-10-29/google-says-700-000-applications-available-for-android-devices},
  organization = {Bloomberg Businessweek}
}

@InProceedings{Felt,
  author = 	 {Adrienne Porter Felt},
  title = 	 {Android permissions demystified},
  booktitle = {18th ACM conference on Computer and communications security},
  year = 	 {2011},
}

@Online{Svensson,
  author = {P. Svensson},
  title =  {Bushels of "Smurfberries" cost parents buckets of cash},
  date = {2012-12-09},
  url = {http://www.msnbc.msn.com/id/40584671/ns/business-us_business/t/bushels-smurfberries-cost-parents-buckets-cash/#.UMJvrK1zg9c},
  organization = {MSNBC News Online}
}

@Online{Milano,
  author = {D. T. Milano},
  title =  {Android ViewClient},
  date = {2013-04-14},
  url = {https://github.com/dtmilano/AndroidViewClient},
  organization = {}
}

@Online{Hoffman,
  author = {Chris Hoffman},
  title =  {How to Restrict Android App Permissions},
  date = {2013-04-14},
  url = {http://www.howtogeek.com/115888/how-to-restrict-android-app-permissions/},
  organization = {}
}

@Online{Google,
  author = {Google},
  title =  {Permissions|Android Developers},
  date = {2013-04-14},
  url = {http://developer.android.com/guide/topics/security/permissions.html},
  organization = {Google}
}


@InProceedings{Davis:2013:RetroSkeleton,
  author = 	 {Benjamin Davis and Hao Chen},
  title = 	 {RetroSkeleton: Retrofitting Android Apps},
  booktitle = {The 11th International Conference on Mobile Systems,
Applications and Services (Mobisys)},
  date = {2013-06-25/2013-06-28},
  address = 	 {Taipei, Taiwan},
}


@InProceedings{Zhou:2011:TISSA,
  author = 	 {Yajin Zhou and Xinwen Zhang and Xuxian Jiang and Vince W. Freeh},
  title = 	 {Taming Information-Stealing Smartphone Applications (on Android)},
  booktitle = {4th International Conference on Trust and Trustworthy Computing (TRUST 2011)},
  year = 	 {2011},
  address = 	 {Pittsburgh, PA},
  month = 	 {June},
}

@inproceedings{Rastogi:2013:AAS:2435349.2435379,
 author = {Rastogi, Vaibhav and Chen, Yan and Enck, William},
 title = {AppsPlayground: automatic security analysis of smartphone applications},
 booktitle = {Proceedings of the third ACM conference on Data and application security and privacy},
 series = {CODASPY '13},
 year = {2013},
 isbn = {978-1-4503-1890-7},
 address = {San Antonio, Texas, USA},
 pages = {209--220},
 numpages = {12},
 url = {http://doi.acm.org/10.1145/2435349.2435379},
 doi = {10.1145/2435349.2435379},
 acmid = {2435379},
 publisher = {ACM},
 address = {New York, NY, USA},
 keywords = {android, dynamic analysis, malware, privacy leakage},
} 

@Online{analytics,
  author = {Strategy Analytics}, 
  title = {Android \& Apple iOS capture a record 92 percent share of global smartphone shipments in Q4 2012},
  date = {2013-01-28},
  url = {http://blogs.strategyanalytics.com/WSS/post/2013/01/28/Android-and-Apple-iOS-Capture-a-Record-92-Percent-Share-of-Global-Smartphone-Shipments-in-Q4-2012.aspx},
  organization = {Strategy Analytics}
}

@Online{networkworld,
  author = {Lucian Constantin},
  title = {The Android malware problem is not hyped, researchers say},
  date = {2013-03-08},
  url = {http://www.networkworld.com/news/2013/030813-the-android-malware-problem-is-267526.html},
  organization = {Network World}
}
@Online{Dover,
  author = {Sara Dover},
  title =  {Study: Number of smartphone users tops 1 billion},
  date = {2012-10-17},
  url = {http://www.cbsnews.com/8301-205_162-57534583/study-number-of-smartphone-users-tops-1-billion/},
  organization = {CBS News}
}

@ARTICLE{4768655, 
author={Enck, W. and Ongtang, M. and McDaniel, P.}, 
journal={Security Privacy, IEEE}, 
title={Understanding Android Security}, 
year={2009}, 
volume={7}, 
number={1}, 
pages={50-57}, 
keywords={Web services;operating systems (computers);security of data;android security;mobile phones;open source operating system;Application software;Cellular phones;Data security;Java;Manufacturing industries;Middleware;Operating systems;Programming;Shipbuilding industry;Social network services;Android;Smartphones;mobile phones;security}, 
doi={10.1109/MSP.2009,.26}, 
ISSN={1540-7993}}